@Report{        feldman2016,
  author    = {Feldman, Steven and Valera-Leon, Carlos and Dechev, Damian},
  title     = {An Efficient Wait-Free Vector},
  publisher = {IEEE},
  year      = {2016}
}
